@article{ARCHITECTUREPLATFORMHALFSIZED2017,
  title = {ARCHITECTURE OF A PLATFORM OF HALF-SIZED SIMULATION OF FLYING VEHICLE CONTROL SYSTEMS},
  date = {2017},
  journaltitle = {Автометрия},
  shortjournal = {AUT},
  number = {4},
  issn = {03207102},
  doi = {10.15372/AUT20170405},
  url = {http://sibran.ru/journals/issue.php?ID=171428&ARTICLE_ID=171433},
  urldate = {2024-04-17},
  langid = {russian},
  file = {C:\Users\artsi0m\Zotero\storage\DBNRGKDQ\2017 - ARCHITECTURE OF A PLATFORM OF HALF-SIZED SIMULATIO.pdf}
}

@online{AvtoreferatNaTemu,
  title = {Автореферат На Тему «{{Исследование}} и Разработка Частотно-Регулируемых Сервоприводов Для Высокоточных Систем Позиционирования» По Специальности {{ВАК РФ}} 05.13.06 - {{Автоматизация}} и Управление Технологическими Процессами и Производствами (По Отраслям)},
  url = {https://www.dissercat.com/content/issledovanie-i-razrabotka-chastotno-reguliruemykh-servoprivodov-dlya-vysokotochnykh-sistem/read},
  urldate = {2024-04-17},
  file = {C:\Users\artsi0m\Zotero\storage\UZKM6HFL\read.html}
}

@online{AvtoreferatNaTemua,
  title = {Автореферат На Тему «{{Разработка}} и Исследование Методов Улучшения Точности и Динамики Прямого Сервопривода» По Специальности {{ВАК РФ}} 05.09.03 - {{Электротехнические}} Комплексы и Системы},
  url = {https://www.dissercat.com/content/razrabotka-i-issledovanie-metodov-uluchsheniya-tochnosti-i-dinamiki-pryamogo-servoprivoda/read},
  urldate = {2024-04-17},
  file = {C:\Users\artsi0m\Zotero\storage\DBETKU2G\read.html}
}

@online{brownATMega328PMicrocontrollerPinout2021,
  title = {{{ATMega328P Microcontroller Pinout}} \& {{Features}}},
  author = {Brown, Robert},
  date = {2021-01-26T00:07:42+00:00},
  url = {https://nerdytechy.com/atmega328p-pinout/},
  urldate = {2024-03-24},
  abstract = {ATmega328P Pinout and Main Features for Beginners. Connecting the Power. The Reset Pin and the Reset Button. Connecting the Resonator.},
  langid = {american},
  organization = {NerdyTechy},
  file = {C:\Users\artsi0m\Zotero\storage\MRSVUN57\atmega328p-pinout.html}
}

@online{ChinaFactoryInsulation,
  title = {China {{Factory Insulation}} 3025 {{Phenolic Textolite Laminated Sheet}}},
  url = {http://www.china-anza.com/2-1-7-textolite-3025.html},
  urldate = {2024-05-11},
  file = {C:\Users\artsi0m\Zotero\storage\6KP66DJ7\2-1-7-textolite-3025.html}
}

@online{ComputerAidedEngineeringDefinition2023,
  title = {Computer-{{Aided Engineering}} - Definition and Applications},
  date = {2023-03-21T08:49:28+0000},
  url = {https://www.3ds.com/store/cad/computer-aided-engineering},
  urldate = {2024-05-14},
  abstract = {Professional engineers and designers use specialized computer-aided engineering (CAE) software to help them design, develop, test, and manufacture a wide range of products. We take a look at the different types of computer-aided software engineering and how this technology is helping to shape our world.},
  langid = {english},
  organization = {Dassault Systèmes},
  file = {C:\Users\artsi0m\Zotero\storage\DRICFQKD\computer-aided-engineering.html}
}

@article{dyakovSUBSTANTIATIONRELIABILITYSERVOMOTORS2023,
  title = {SUBSTANTIATION OF RELIABILITY OF SERVOMOTORS FOR SMALL-SIZED UNMANNED AERIAL VEHICLES},
  author = {Dyakov, D.E. and Likhovidov, D.V. and Velikanov, A.V.},
  date = {2023},
  journaltitle = {Научное обозрение. Технические науки (Scientific Review. Technical Sciences)},
  shortjournal = {НО ТН (SR TS)},
  pages = {5--9},
  issn = {25000799},
  doi = {10.17513/srts.1435},
  url = {https://science-engineering.ru/article/view?id=1435},
  urldate = {2024-04-17},
  abstract = {One of the key tasks in the design of small-sized unmanned aerial vehicles (UAVs) is to ensure acceptable and certifiable reliability indicators for accepted components of commercial off-the-shelf systems (CGS). Ball bearings and sleeve bearings are the most common type of bearings used in engines. Worn bearings, vibration, overcurrent and dirty potentiometers are among the causes of failures, in addition to component wear. The article presents experimental results obtained to quantify the reliability of MBLA servomotors by recording their time to failure in a certain set of test runs. Servos are widely used in modern high-precision control systems for moving objects. The Weibull prediction model is used for quantitative analysis and related key mathematical models and can be applied to a wide range of data. Operating time to failure, number of cycles to failure, mileage to failure, mechanical damage or similar continuous parameters must be recorded for all objects. The methodology adopted for conducting tests and used for the experiment is described. The design elements, their interrelation and the order of operation on an unmanned aerial vehicle are considered in detail.},
  issue = {№3 2023},
  langid = {russian},
  file = {C:\Users\artsi0m\Zotero\storage\54UQZXDN\Dyakov et al. - 2023 - SUBSTANTIATION OF RELIABILITY OF SERVOMOTORS FOR S.pdf}
}

@online{EglassSGlassFabrics,
  title = {E-Glass \& {{S-Glass Fabrics}} | {{JPS Composite Materials}}},
  url = {https://jpscm.com/products/e-glass-s-glass/},
  urldate = {2024-05-05},
  abstract = {JPS Composite Materials is the largest weaver of glass fabrics, including E-Glass \& S-Glass. This selection allows us to produce top ballistic material \& more.},
  langid = {american},
  file = {C:\Users\artsi0m\Zotero\storage\3RVL39GH\e-glass-s-glass.html}
}

@online{ElektroizolyacionnyeMaterialyProizvodstva,
  title = {Электроизоляционные Материалы Производства {{ЗАО Электроизолит}}, г.{{Хотьково}}},
  url = {http://www.izl.ru/products.htm},
  urldate = {2024-05-10},
  file = {C:\Users\artsi0m\Zotero\storage\LR8ZYUQT\products.html}
}

@online{HeatDissipatedResistors,
  title = {Heat {{Dissipated}} by {{Resistors}} | {{Brilliant Math}} \& {{Science Wiki}}},
  url = {https://brilliant.org/wiki/heat-dissipated-by-resistors/},
  urldate = {2024-05-12},
  abstract = {Resistors plays a major role in reducing the current in circuits and therefore protecting circuits from damage resulting from overdraw of current by dissipating the kinetic energy of electrons in current as thermal energy (heat). This is what allows electricity to be useful: the electrical potential energy from the voltage source is converted to kinetic energy of the electrons, which is then transferred to something we wish to power, such as a toaster or a …},
  langid = {american},
  file = {C:\Users\artsi0m\Zotero\storage\VGXQGLY6\heat-dissipated-by-resistors.html}
}

@online{HowSetPCB2014,
  title = {How to Set {{PCB}} Thickness before Exporting from {{kiCad}}? - {{Layout}}},
  shorttitle = {How to Set {{PCB}} Thickness before Exporting from {{kiCad}}?},
  date = {2014-11-07T13:13:01+00:00},
  url = {https://forum.kicad.info/t/how-to-set-pcb-thickness-before-exporting-from-kicad/345},
  urldate = {2024-05-05},
  abstract = {Dear All,  I have successfully exported PCB from kiCad and imported in to FreeCAD. Now I have to check the fitments of PCB with enclosure. I want to know the thickness of PCB. How kiCad assign PCB thickness. Usually 1.5mm to 2mm thickness for FR-4 PCB. Can we set PCB thickness ourselves on kiCad? any suggestions please?  thanks  pmk},
  langid = {english},
  organization = {KiCad.info Forums},
  file = {C:\Users\artsi0m\Zotero\storage\VX3IXE5J\345.html}
}

@online{HowUseImport,
  title = {How to {{Use}} the {{Import Diagnostics Tool}} in {{SOLIDWORKS}}},
  url = {https://www.goengineer.com/blog/how-to-use-import-diagnostics-tool-solidworks},
  urldate = {2024-05-05},
  abstract = {When importing non-native files, you may encounter faulty geometry. Learn how to use the Import Diagnostics tool in SOLIDWORKS to help address these faults.},
  langid = {american},
  file = {C:\Users\artsi0m\Zotero\storage\7R77KYD8\how-to-use-import-diagnostics-tool-solidworks.html}
}

@online{industries5V5ALinear,
  title = {{{5V}} 1.{{5A Linear Voltage Regulator}} - 7805 {{TO-220}}},
  author = {Industries, Adafruit},
  url = {https://www.adafruit.com/product/2164},
  urldate = {2024-03-14},
  abstract = {Ah, the venerable 7805, who amongst us has not used this popular linear regulator? This big chunky regulator will help you get your 7-35V battery or wall adapter down to a nice clean 5.0V  ...},
  langid = {american},
  file = {C:\Users\artsi0m\Zotero\storage\KE2X6M4H\2164.html}
}

@online{KakOboznachaetsyaZummer2022,
  title = {Как обозначается зуммер на электросхеме},
  date = {2022-11-13T01:42:59+00:00},
  url = {https://chistotnik.ru/kak-oboznachayetsya-zummer-na-elektroskheme.html},
  urldate = {2024-03-15},
  abstract = {10. Акустические приборы Акустическими (точнее — электроакустическими) называют приборы, преобразующие энергию электрических колебаний в энергию звуковых.},
  langid = {russian},
  organization = {Частотные преобразователи},
  file = {C:\Users\artsi0m\Zotero\storage\7EBSWTTZ\kak-oboznachayetsya-zummer-na-elektroskheme.html}
}

@online{KoefficientPuassonaSteklotekstolita,
  title = {Коэффициент {{Пуассона}} Стеклотекстолита - Правильный Ответ!},
  url = {https://www.center-pss.ru/st/koeff-puassona-steklotekstolit.htm},
  urldate = {2024-05-10},
  file = {C:\Users\artsi0m\Zotero\storage\MJ8GNKIA\koeff-puassona-steklotekstolit.html}
}

@online{KoefficientyTeploprovodnosti,
  title = {Коэффициенты Теплопроводности},
  url = {http://www.teplotim.ru/table_kteplo_sort.html},
  urldate = {2024-05-12},
  file = {C:\Users\artsi0m\Zotero\storage\9UTDWSP8\table_kteplo_sort.html}
}

@article{lokshinBehaviorTextolitesPlane1984,
  title = {Behavior of Textolites in Plane Stress},
  author = {Lokshin, V. A. and Panshin, B. I. and Dubina, M. D. and Savin, A. G.},
  date = {1984-05-01},
  journaltitle = {Mechanics of Composite Materials},
  shortjournal = {Mech Compos Mater},
  volume = {20},
  number = {3},
  pages = {336--339},
  issn = {1573-8922},
  doi = {10.1007/BF00610294},
  url = {https://doi.org/10.1007/BF00610294},
  urldate = {2024-05-05},
  langid = {english},
  keywords = {Plane Stress}
}

@article{marchenkoThermoMechanicalPropertiesMaterials,
  title = {Thermo-{{Mechanical Properties}} of {{Materials}}},
  author = {Marchenko, Aleksey V},
  journaltitle = {Mechanical Properties of Materials},
  langid = {english},
  file = {C:\Users\artsi0m\Zotero\storage\CIGT8S68\Marchenko - Thermo-Mechanical Properties of Materials.pdf}
}

@online{negiIntroductionATmega328pPinout2021,
  title = {Introduction to {{ATmega328p Pinout}}, Datasheet, and Specifications},
  author = {Negi, Ankit},
  date = {2021-02-02T11:22:52+05:30},
  url = {https://www.etechnophiles.com/introduction-to-atmega328p-pinout-datasheet-specifications/},
  urldate = {2024-04-21},
  abstract = {ATmega328p is an 8-bit AVR RISC-based microcontroller chip. In this post, we will learn about the ATmega328p pinout, its datasheet, specifications in detail.},
  langid = {american},
  file = {C:\Users\artsi0m\Zotero\storage\PGMMDRHR\introduction-to-atmega328p-pinout-datasheet-specifications.html}
}

@article{shavinSintezSistemyUpravleniya2019,
  title = {Синтез системы управления квадрокоптером с поворотными роторами и наблюдение за подвижной целью},
  author = {Шавин, М. Ю. and Притыкин, Д. А.},
  date = {2019-10-10},
  journaltitle = {Мехатроника, автоматизация, управление},
  volume = {20},
  number = {10},
  pages = {629--639},
  issn = {2619-1253},
  url = {https://mech.novtex.ru/jour/article/view/708/543},
  urldate = {2024-04-17},
  abstract = {We design the navigation and control system for unmanned aerial vehicle (UAV) with four tilting rotors. The considered UAV implements the so-called X-sceme, which implies the main body and four symmetrical beams, upon which rotors with propellers are mounted. It is different from the classical quadrotor by having four additional servomotors that may change the orientation of the rotors with respect t the main body, thus increasing the control parameters number. Greater number of the actuators in the system, on the one hand, opens new venues for UAVs’ applications but, on the other hand, makes the mathematical model of the UAV’s dynamics quite complicated. The latter calls for new control algorithms to be developed. We start by forming the mathematical models of the UAV’s dynamics. It is shown that the introduction of the tilting motors allows implementing independent control of the quadrotor’s position and attitude. The control loop is designed on the base on the analytical dynamics inversion. The expressions for the control parameters thus obtained are subjected to the numerical analysis, which allows taking into account technical constraints for maximal motor speed and tilt angles. Feedback in the control loop is implemented by simulation of the on-board sensors’ signals, whose characteristics correspond to those of the sensors used in the UAV’s experimental prototype design. The signals are processed with the aid of the unscented Kalman filter algorithm. The results of numerical experiments corroborate the efficiency of the developed control and navigation algorithms. The mission simulated in the numeric experiments is tracking of a pre-defined trajectory and pointing with a body-fixed camera at a mobile object, which, in turn, moves along a programmed trajectory.The results of the numeric experiments show that the UAV is capable of performing complex maneuvers with independent position and attitude control.},
  issue = {10},
  langid = {russian},
  file = {C:\Users\artsi0m\Zotero\storage\6GYTGAMZ\Шавин and Притыкин - 2019 - Синтез системы управления квадрокоптером с поворот.pdf}
}

@online{SimplifyingAssembliesSimulation,
  title = {Simplifying {{Assemblies}} for {{Simulation}} - 2024 - {{SOLIDWORKS Help}}},
  url = {https://help.solidworks.com/2024/english/SolidWorks/cworks/SIMPLIFYING_ASSEMBLIES.htm},
  urldate = {2024-05-05},
  file = {C:\Users\artsi0m\Zotero\storage\AJLP337W\SIMPLIFYING_ASSEMBLIES.html}
}

@online{SimplifyingPartsAssemblies,
  title = {Simplifying {{Parts}} and {{Assemblies}} - 2022 - {{SOLIDWORKS Help}}},
  url = {https://help.solidworks.com/2022/english/SolidWorks/sldworks/t_simplifying_parts.htm},
  urldate = {2024-05-05},
  file = {C:\Users\artsi0m\Zotero\storage\5QILP7W4\t_simplifying_parts.html}
}

@online{SimplifyingPartsAssembliesa,
  title = {Simplifying {{Parts}} and {{Assemblies}} - 2023 - {{SOLIDWORKS Help}}},
  url = {https://help.solidworks.com/2023/English/SolidWorks/sldworks/t_simplifying_parts.htm?verRedirect=1},
  urldate = {2024-05-05},
  file = {C:\Users\artsi0m\Zotero\storage\8MM4DU9J\t_simplifying_parts.html}
}

@online{SimplifyingPartsAssembliesb,
  title = {Simplifying {{Parts}} and {{Assemblies}} - 2024 - {{SOLIDWORKS Help}}},
  url = {https://help.solidworks.com/2024/English/SolidWorks/sldworks/t_simplifying_parts.htm?verRedirect=1},
  urldate = {2024-05-05},
  file = {C:\Users\artsi0m\Zotero\storage\RYUTESBZ\t_simplifying_parts.html}
}

@online{SistemaAvtomaticheskogoUpravleniya,
  title = {Система Автоматического Управления Сервоприводами},
  url = {https://cyberleninka.ru/article/n/sistema-avtomaticheskogo-upravleniya-servoprivodami/viewer},
  urldate = {2024-04-17},
  file = {C:\Users\artsi0m\Zotero\storage\MVCZ8C3Y\viewer.html}
}

@online{SistemaImitaciiPeregruzok,
  title = {Система Имитации Перегрузок При Управлении Мультикоптером},
  url = {https://cyberleninka.ru/article/n/sistema-imitatsii-peregruzok-pri-upravlenii-multikopterom/viewer},
  urldate = {2024-04-17},
  file = {C:\Users\artsi0m\Zotero\storage\R7A7PJRM\viewer.html}
}

@online{SuperServoTester,
  title = {Super Servo Tester},
  url = {https://www.elektormagazine.com/labs/super-servo-tester},
  urldate = {2024-04-21},
  abstract = {You can find a lot of servo-tester on the internet and in your favourite magazine: this tester is different.  With this servo-tester you can test the complete remote control chain, from the emitter to the servos or ESC. I developed this device because I had some troubles with a drone I built: what goes wrong? The emitter, or the receiver, or the flight controller (or signal mixer), the servos (or the ESC) or the supply? This device is an help to find which device is in cause.},
  langid = {english},
  organization = {Elektor}
}

@online{TablicaKoefficientaPuassona,
  title = {Таблица Коэффициента {{Пуассона}}},
  url = {https://www.center-pss.ru/st/table/table-koeffitcienta-puansona.htm},
  urldate = {2024-05-10},
  file = {C:\Users\artsi0m\Zotero\storage\B5DUSMS6\table-koeffitcienta-puansona.html}
}

@online{TekstolitPTKGOST,
  title = {Текстолит {{ПТК ГОСТ}} 5 78 Характеристики},
  url = {https://altaypant.ru/tekstolit-ptk-gost-5-78-kharakteristiki/},
  urldate = {2024-05-10}
}

@online{Tranzistory2N7000Parametry,
  title = {Транзисторы {{2N7000}} - Параметры, Расположение Выводов(Цоколевка).},
  url = {https://elektrikaetoprosto.ru/2n7000.html},
  urldate = {2024-03-14}
}

@online{UpravlyaemayaDinamikaKvadrokoptera,
  title = {Управляемая Динамика Квадрокоптера с Поворотными Роторами},
  url = {https://cyberleninka.ru/article/n/upravlyaemaya-dinamika-kvadrokoptera-s-povorotnymi-rotorami/viewer},
  urldate = {2024-04-17},
  file = {C:\Users\artsi0m\Zotero\storage\AXPXJSTD\viewer.html}
}
